<record><leader>00000cas a2200000 a 4500</leader><controlfield tag="001">23032302</controlfield><controlfield tag="007">hd afu---baca</controlfield><controlfield tag="008">910130d18541857iauwr nea     0    0eng d</controlfield><datafield ind1=" " ind2=" " tag="010"><subfield code="a">sn 96080100 </subfield></datafield><datafield ind1=" " ind2=" " tag="040"><subfield code="a">SOI</subfield><subfield code="b">eng</subfield><subfield code="c">SOI</subfield><subfield code="d">NVG</subfield><subfield code="d">OCL</subfield><subfield code="d">OCLCQ</subfield></datafield><datafield ind1=" " ind2=" " tag="042"><subfield code="a">msc</subfield></datafield><datafield ind1=" " ind2=" " tag="043"><subfield code="a">n-us-ia</subfield></datafield><datafield ind1="0" ind2="4" tag="245"><subfield code="a">The Council Bluffs chronotype</subfield><subfield code="h">[microform].</subfield></datafield><datafield ind1="1" ind2=" " tag="246"><subfield code="i">Published as:</subfield><subfield code="a">Chronotype,</subfield><subfield code="f">May 23-June 6, 1855</subfield></datafield><datafield ind1=" " ind2=" " tag="260"><subfield code="a">Council Bluffs, Iowa :</subfield><subfield code="b">William W. Maynard,</subfield><subfield code="c">1854-</subfield></datafield><datafield ind1=" " ind2=" " tag="300"><subfield code="a">v.</subfield></datafield><datafield ind1=" " ind2=" " tag="310"><subfield code="a">Weekly</subfield></datafield><datafield ind1="0" ind2=" " tag="362"><subfield code="a">Vol. 1, no. 1 (Dec. 13, 1854)-</subfield></datafield><datafield ind1="1" ind2=" " tag="362"><subfield code="a">Ceased in 1857.</subfield></datafield><datafield ind1=" " ind2=" " tag="500"><subfield code="a">"I had rather be right than be president!"--Henry Clay.</subfield></datafield><datafield ind1=" " ind2=" " tag="515"><subfield code="a">Issues for Dec. 12, 1855-&lt;Dec. 24, 1856&gt; also called whole no. 53-&lt;104&gt;.</subfield></datafield><datafield ind1=" " ind2=" " tag="515"><subfield code="a">Suspended with Nov. 19, 1856 issue; resumed with Dec. 17, 1856 issue.</subfield></datafield><datafield ind1=" " ind2=" " tag="533"><subfield code="a">Microfilm.</subfield><subfield code="b">[Omaha, Neb.:</subfield><subfield code="c">Dakota Microfilm Service].</subfield><subfield code="e">microfilm reels ; 35 mm.</subfield></datafield><datafield ind1=" " ind2=" " tag="752"><subfield code="a">United States</subfield><subfield code="b">Iowa</subfield><subfield code="c">Pottawattamie</subfield><subfield code="d">Council Bluffs.</subfield></datafield><datafield ind1="1" ind2=" " tag="776"><subfield code="c">Original</subfield><subfield code="w">(DLC)sn 84038081</subfield></datafield><datafield ind1="0" ind2="0" tag="785"><subfield code="t">Democratic clarion (Council Bluffs, Iowa)</subfield></datafield><datafield ind1="1" ind2=" " tag="029"><subfield code="a">AU@</subfield><subfield code="b">000012446559</subfield></datafield></record>